@unpublished{erdem2021asp,
  author       = {Esra Erdem and Joohyung Lee and Yuliya Lierler},
  title        = {Theory and Practice of Answer Set Programming},
  note         = {Tutorial Presentation},
  year         = {2012},
  organization = {Sabanci University, Turkey and Arizona State University, USA and University of Nebraska at Omaha, USA}
}

@article{recon,
  author  = {Kowalski, Robert and Sadri, Fariba},
  year    = {2000},
  month   = {10},
  pages   = {},
  title   = {Reconciling the Event Calculus with the Situation Calculus},
  volume  = {31},
  journal = {The Journal of Logic Programming},
  doi     = {10.1016/S0743-1066(96)00137-9}
}

@article{reform,
  title            = {Reformulating the Situation Calculus and the Event Calculus in the General Theory of Stable Models and in Answer Set Programming},
  author           = {Lee, Joohyung and Palla, Ravi},
  journal          = {Journal of Artificial Intelligence Research},
  volume           = {43},
  pages            = {571-620},
  year             = {2012},
  publication_date = {2012-04}
}

@article{glimpse,
  author  = {Anger, Christian and Konczak, Kathrin and Linke, Thomas and Schaub, Torsten},
  year    = {2005},
  month   = {01},
  pages   = {12-},
  title   = {A Glimpse of Answer Set Programming},
  volume  = {19},
  journal = {KI}
}


@misc{found,
  title         = {On the Foundations of Grounding in Answer Set Programming},
  author        = {Roland Kaminski and Torsten Schaub},
  year          = {2022},
  eprint        = {2108.04769},
  archiveprefix = {arXiv},
  primaryclass  = {cs.AI}
}

@article{kaufmann2016grounding,
  author  = {Kaufmann, Benjamin and Leone, Nicola and Perri, Simona and Schaub, Torsten},
  year    = {2016},
  month   = {10},
  pages   = {25-32},
  title   = {Grounding and Solving in Answer Set Programming},
  volume  = {37},
  journal = {AI Magazine},
  doi     = {10.1609/aimag.v37i3.2672}
}


@article{Lifschitz2016AnswerSA,
  author  = {Lifschitz, Vladimir},
  year    = {2016},
  month   = {10},
  pages   = {7-11},
  title   = {Answer Sets and the Language of Answer Set Programming},
  volume  = {37},
  journal = {AI Magazine},
  doi     = {10.1609/aimag.v37i3.2670}
}
@inproceedings{inproceedings,
author = {Gebser, Martin and Ostrowski, Max and Schaub, Torsten},
year = {2009},
month = {07},
pages = {235-249},
title = {Constraint Answer Set Solving},
isbn = {978-3-642-02845-8},
doi = {10.1007/978-3-642-02846-5_22}
}
