@misc{Altunkaya2023,
  author    = {Ali Altunkaya},
  title     = {CSE 579: Knowledge Representation \& Reasoning - Module 4: Practice of Answer Set Programming},
  year      = {2023},
  note      = {Lecture slides},
  howpublished = {Spring 2023}
}

@unpublished{erdem2021asp,
  author       = {Esra Erdem and Joohyung Lee and Yuliya Lierler},
  title        = {Theory and Practice of Answer Set Programming},
  note         = {Tutorial Presentation},
  year         = {2012},
  organization = {Sabanci University, Turkey and Arizona State University, USA and University of Nebraska at Omaha, USA}
}

